@phdthesis{rsync,
  title={Efficient algorithms for sorting and synchronization},
  author={Tridgell, A.},
  year={1999},
  school={PhD thesis, The Australian National University}
}

@inproceedings{wagner,
  author    = {Martin Hofmann and
               Benjamin C. Pierce and
               Daniel Wagner},
  title     = {Edit lenses},
  booktitle = {POPL},
  year      = {2012},
  pages     = {495-508},
  ee        = {http://doi.acm.org/10.1145/2103656.2103715},
  crossref  = {DBLP:conf/popl/2012},
  bibsource = {DBLP, http://dblp.uni-trier.de}
}

@proceedings{DBLP:conf/popl/2012,
  editor    = {John Field and
               Michael Hicks},
  title     = {Proceedings of the 39th ACM SIGPLAN-SIGACT Symposium on
               Principles of Programming Languages, POPL 2012, Philadelphia,
               Pennsylvania, USA, January 22-28, 2012},
  booktitle = {POPL},
  publisher = {ACM},
  year      = {2012},
  isbn      = {978-1-4503-1083-3},
  bibsource = {DBLP, http://dblp.uni-trier.de}
}

@inproceedings{cryptorational,
  author    = {Pierre-Alain Fouque and
               Jacques Stern and
               Jan-Geert Wackers},
  title     = {CryptoComputing with Rationals},
  booktitle = {Financial Cryptography},
  year      = {2002},
  pages     = {136-146},
  ee        = {http://dx.doi.org/10.1007/3-540-36504-4_10},
  crossref  = {DBLP:conf/fc/2002},
  bibsource = {DBLP, http://dblp.uni-trier.de}
}

@proceedings{DBLP:conf/fc/2002,
  editor    = {Matt Blaze},
  title     = {Financial Cryptography, 6th International Conference, FC
               2002, Southampton, Bermuda, March 11-14, 2002, Revised Papers},
  booktitle = {Financial Cryptography},
  publisher = {Springer},
  series    = {Lecture Notes in Computer Science},
  volume    = {2357},
  year      = {2003},
  isbn      = {3-540-00646-X},
  bibsource = {DBLP, http://dblp.uni-trier.de}
}

@article{vallee,
  author    = {Brigitte Vall{\'e}e},
  title     = {Gauss' Algorithm Revisited},
  journal   = {J. Algorithms},
  volume    = {12},
  number    = {4},
  year      = {1991},
  pages     = {556-572},
  ee        = {http://dx.doi.org/10.1016/0196-6774(91)90033-U},
  bibsource = {DBLP, http://dblp.uni-trier.de}
}


@article{schonhage1971schnelle,
  title={Schnelle multiplikation grosser zahlen},
  author={Sch{\"o}nhage, A. and Strassen, V.},
  journal={Computing},
  volume={7},
  number={3},
  pages={281--292},
  year={1971},
  publisher={Springer}
}

@article{pan2004rational,
  title={On rational number reconstruction and approximation},
  author={Pan, V.Y. and Wang, X.},
  journal={SIAM Journal on Computing},
  volume={33},
  pages={502},
  year={2004}
}

@article{wang2003acceleration,
  title={Acceleration of {E}uclidean algorithm and rational number reconstruction},
  author={Wang, X. and Pan, V.Y.},
  journal={SIAM Journal on Computing},
  volume={32},
  number={2},
  pages={548},
  year={2003},
  publisher={Citeseer}
}

@article{moller2008schonhage,
  title={On Schonhage's algorithm and subquadratic integer gcd computation},
  author={Moller, N.},
  journal={Mathematics of Computation},
  volume={77},
  number={261},
  pages={589},
  year={2008},
  publisher={Washington, DC: National Academy of Sciences-National Research Council,[1960?-}
}

@article{burnikel1998fast,
  title={Fast recursive division},
  author={Burnikel, C. and Ziegler, J. and Im Stadtwald, D. and others},
  year={1998},
  publisher={Citeseer}
}
